@article{acn-summary,
      author="Dominic Langenegger",
      title="Advanced Computer Networks - Summary",
      year="2013",
}